@article{kipf2016semi,
  title={Semi-supervised classification with graph convolutional networks},
  author={Kipf, Thomas N and Welling, Max},
  journal={arXiv preprint arXiv:1609.02907},
  year={2016}
}

@article{benami2019topological,
  title={Topological based classification of paper domains using graph convolutional networks},
  author={Benami, Idan and Cohen, Keren and Nagar, Oved and Louzoun, Yoram},
  journal={arXiv preprint arXiv:1904.07787},
  year={2019}
}

@inproceedings{yang1999re,
  title={A re-examination of text categorization methods},
  author={Yang, Yiming and Liu, Xin},
  booktitle={Proceedings of the 22nd annual international ACM SIGIR conference on Research and development in information retrieval},
  pages={42--49},
  year={1999}
}

@article{debnath1991structure,
  title={Structure-activity relationship of mutagenic aromatic and heteroaromatic nitro compounds. correlation with molecular orbital energies and hydrophobicity},
  author={Debnath, Asim Kumar and Lopez de Compadre, Rosa L and Debnath, Gargi and Shusterman, Alan J and Hansch, Corwin},
  journal={Journal of medicinal chemistry},
  volume={34},
  number={2},
  pages={786--797},
  year={1991},
  publisher={ACS Publications}
}

@article{borgwardt2005protein,
  title={Protein function prediction via graph kernels},
  author={Borgwardt, Karsten M and Ong, Cheng Soon and Sch{\"o}nauer, Stefan and Vishwanathan, SVN and Smola, Alex J and Kriegel, Hans-Peter},
  journal={Bioinformatics},
  volume={21},
  number={suppl\_1},
  pages={i47--i56},
  year={2005},
  publisher={Oxford University Press}
}